@inproceedings{zhou2016learning,
  title={Learning deep features for discriminative localization},
  author={Zhou, Bolei and Khosla, Aditya and Lapedriza, Agata and Oliva, Aude and Torralba, Antonio},
  booktitle={Proceedings of the IEEE conference on computer vision and pattern recognition},
  pages={2921--2929},
  year={2016}
}

@inproceedings{singh2017hide,
  title={Hide-and-seek: Forcing a network to be meticulous for weakly-supervised object and action localization},
  author={Singh, Krishna Kumar and Lee, Yong Jae},
  booktitle={2017 IEEE International Conference on Computer Vision (ICCV)},
  pages={3544--3553},
  year={2017},
  organization={IEEE}
}

@inproceedings{zhu2017soft,
  title={Soft proposal networks for weakly supervised object localization},
  author={Zhu, Yi and Zhou, Yanzhao and Ye, Qixiang and Qiu, Qiang and Jiao, Jianbin},
  booktitle={Proceedings of the IEEE International Conference on Computer Vision},
  pages={1841--1850},
  year={2017}
}

@inproceedings{ren2015faster,
  title={Faster r-cnn: Towards real-time object detection with region proposal networks},
  author={Ren, Shaoqing and He, Kaiming and Girshick, Ross and Sun, Jian},
  booktitle={Advances in neural information processing systems},
  pages={91--99},
  year={2015}
}

@inproceedings{redmon2016you,
  title={You only look once: Unified, real-time object detection},
  author={Redmon, Joseph and Divvala, Santosh and Girshick, Ross and Farhadi, Ali},
  booktitle={Proceedings of the IEEE conference on computer vision and pattern recognition},
  pages={779--788},
  year={2016}
}

@inproceedings{bilen2016weakly,
  title={Weakly supervised deep detection networks},
  author={Bilen, Hakan and Vedaldi, Andrea},
  booktitle={Proceedings of the IEEE Conference on Computer Vision and Pattern Recognition},
  pages={2846--2854},
  year={2016}
}

@inproceedings{diba2017weakly,
  title={Weakly supervised cascaded convolutional networks},
  author={Diba, Ali and Sharma, Vivek and Pazandeh, Ali and Pirsiavash, Hamed and Van Gool, Luc},
  booktitle={Proceedings of the IEEE conference on computer vision and pattern recognition},
  pages={914--922},
  year={2017}
}

@article{tang2018pcl,
  title={Pcl: Proposal cluster learning for weakly supervised object detection},
  author={Tang, Peng and Wang, Xinggang and Bai, Song and Shen, Wei and Bai, Xiang and Liu, Wenyu and Yuille, Alan Loddon},
  journal={IEEE transactions on pattern analysis and machine intelligence},
  year={2018},
  publisher={IEEE}
}

@article{uijlings2013selective,
  title={Selective search for object recognition},
  author={Uijlings, Jasper RR and Van De Sande, Koen EA and Gevers, Theo and Smeulders, Arnold WM},
  journal={International journal of computer vision},
  volume={104},
  number={2},
  pages={154--171},
  year={2013},
  publisher={Springer}
}

@inproceedings{zitnick2014edge,
  title={Edge boxes: Locating object proposals from edges},
  author={Zitnick, C Lawrence and Doll{\'a}r, Piotr},
  booktitle={European conference on computer vision},
  pages={391--405},
  year={2014},
  organization={Springer}
}

@inproceedings{huang2017densely,
  title={Densely connected convolutional networks},
  author={Huang, Gao and Liu, Zhuang and Van Der Maaten, Laurens and Weinberger, Kilian Q},
  booktitle={Proceedings of the IEEE conference on computer vision and pattern recognition},
  pages={4700--4708},
  year={2017}
}

@article{simonyan2014very,
  title={Very deep convolutional networks for large-scale image recognition},
  author={Simonyan, Karen and Zisserman, Andrew},
  journal={arXiv preprint arXiv:1409.1556},
  year={2014}
}

@inproceedings{he2016deep,
  title={Deep residual learning for image recognition},
  author={He, Kaiming and Zhang, Xiangyu and Ren, Shaoqing and Sun, Jian},
  booktitle={Proceedings of the IEEE conference on computer vision and pattern recognition},
  pages={770--778},
  year={2016}
}

@inproceedings{krizhevsky2012imagenet,
  title={Imagenet classification with deep convolutional neural networks},
  author={Krizhevsky, Alex and Sutskever, Ilya and Hinton, Geoffrey E},
  booktitle={Advances in neural information processing systems},
  pages={1097--1105},
  year={2012}
}

@inproceedings{ML_GCN_CVPR_2019,
author = {Zhao-Min, Chen and Xiu-Shen, Wei and Peng, Wang and Yanwen, Guo},
title = {{Multi-Label Image Recognition with Graph Convolutional Networks}},
booktitle = {The IEEE Conference on Computer Vision and Pattern Recognition (CVPR)},
year = {2019}
}

@INPROCEEDINGS{Pennington14glove:global,
    author = {Jeffrey Pennington and Richard Socher and Christopher D. Manning},
    title = {Glove: Global vectors for word representation},
    booktitle = {In EMNLP},
    year = {2014}
}